% Encoding: UTF-8

@webpage{springboot,
URL = {https://spring.io/},
title = {Spring Boot: an open source Java-based framework},
}

@webpage{w3css,
URL = {https://www.w3schools.com/w3css/},
title = {W3 CSS: a modern CSS framework with built-in responsiveness},
}

@webpage{thymeleaf,
URL = {https://www.thymeleaf.org/},
title = {Thymeleaf: a modern server-side Java template engine for both web and standalone environments},
}

@webpage{jce,
URL = {http://tutorials.jenkov.com/java-cryptography/index.html},
title = {The Java Cryptography Extension is an officially released Standard Extension to the Java Platform and part of Java Cryptography Architecture},
}

@webpage{javamail,
URL = {https://javaee.github.io/javamail/},
title = {The JavaMail API provides a platform-independent and protocol-independent framework to build mail and messaging applications},
}

@webpage{gradle,
URL = {https://gradle.org/},
title = {Gradle is an open-source build automation tool focused on flexibility and performance},
}

@webpage{hibernate,
URL = {http://hibernate.org/},
title = {Hibernate: an object-relational mapping tools for the Java programming language},
}

@webpage{h2,
URL = {http://www.h2database.com/html/main.html},
title = {H2: the Java SQL database},
}

@webpage{base64,
URL = {https://baike.baidu.com/item/base64/8545775?fr=aladdin},
title = {Base64 Encoding},
}

@webpage{cookie,
URL = {https://baike.baidu.com/item/cookie/1119?fr=aladdin},
title = {Cookie},
}



